[gd_scene load_steps=8 format=2]

[ext_resource path="res://Lobby.gd" type="Script" id=1]
[ext_resource path="res://UI/ui_theme.tres" type="Theme" id=2]
[ext_resource path="res://UI/lobby_theme.tres" type="Theme" id=3]
[ext_resource path="res://Assets/join_button.svg" type="Texture" id=4]
[ext_resource path="res://Assets/join_button_hover.svg" type="Texture" id=5]
[ext_resource path="res://Assets/create_button.svg" type="Texture" id=6]
[ext_resource path="res://Assets/create_button_hover.svg" type="Texture" id=7]

[node name="Lobby" type="Control"]

anchor_left = 0.0
anchor_top = 0.0
anchor_right = 1.0
anchor_bottom = 1.0
rect_pivot_offset = Vector2( 0, 0 )
rect_clip_content = false
mouse_filter = 0
mouse_default_cursor_shape = 0
size_flags_horizontal = 1
size_flags_vertical = 1
script = ExtResource( 1 )

[node name="VBoxContainer" type="VBoxContainer" parent="." index="0"]

anchor_left = 0.5
anchor_top = 0.5
anchor_right = 0.5
anchor_bottom = 0.5
margin_left = -626.0
margin_top = -488.0
margin_right = 626.0
margin_bottom = 488.0
rect_pivot_offset = Vector2( 0, 0 )
rect_clip_content = false
mouse_filter = 1
mouse_default_cursor_shape = 0
size_flags_horizontal = 1
size_flags_vertical = 1
alignment = 0

[node name="Label" type="Label" parent="VBoxContainer" index="0"]

anchor_left = 0.0
anchor_top = 0.0
anchor_right = 0.0
anchor_bottom = 0.0
margin_right = 1252.0
margin_bottom = 177.0
rect_pivot_offset = Vector2( 0, 0 )
rect_clip_content = false
mouse_filter = 2
mouse_default_cursor_shape = 0
size_flags_horizontal = 1
size_flags_vertical = 4
theme = ExtResource( 2 )
text = "Lobby"
align = 1
valign = 1
percent_visible = 1.0
lines_skipped = 0
max_lines_visible = -1
_sections_unfolded = [ "Theme" ]

[node name="HBoxContainer3" type="HBoxContainer" parent="VBoxContainer" index="1"]

anchor_left = 0.0
anchor_top = 0.0
anchor_right = 0.0
anchor_bottom = 0.0
margin_top = 181.0
margin_right = 1252.0
margin_bottom = 300.0
rect_pivot_offset = Vector2( 0, 0 )
rect_clip_content = false
mouse_filter = 1
mouse_default_cursor_shape = 0
size_flags_horizontal = 1
size_flags_vertical = 1
alignment = 0

[node name="Label" type="Label" parent="VBoxContainer/HBoxContainer3" index="0"]

anchor_left = 0.0
anchor_top = 0.0
anchor_right = 0.0
anchor_bottom = 0.0
margin_right = 375.0
margin_bottom = 119.0
rect_pivot_offset = Vector2( 0, 0 )
rect_clip_content = false
mouse_filter = 2
mouse_default_cursor_shape = 0
size_flags_horizontal = 1
size_flags_vertical = 4
theme = ExtResource( 3 )
text = "IP Address: "
align = 1
valign = 1
percent_visible = 1.0
lines_skipped = 0
max_lines_visible = -1
_sections_unfolded = [ "Theme" ]

[node name="IPField" type="LineEdit" parent="VBoxContainer/HBoxContainer3" index="1"]

anchor_left = 0.0
anchor_top = 0.0
anchor_right = 0.0
anchor_bottom = 0.0
margin_left = 379.0
margin_right = 437.0
margin_bottom = 119.0
rect_pivot_offset = Vector2( 0, 0 )
rect_clip_content = false
focus_mode = 2
mouse_filter = 0
mouse_default_cursor_shape = 1
size_flags_horizontal = 1
size_flags_vertical = 1
align = 1
focus_mode = 2
context_menu_enabled = true
placeholder_alpha = 0.6
caret_blink = false
caret_blink_speed = 0.65
caret_position = 0

[node name="HBoxContainer2" type="HBoxContainer" parent="VBoxContainer" index="2"]

anchor_left = 0.0
anchor_top = 0.0
anchor_right = 0.0
anchor_bottom = 0.0
margin_top = 304.0
margin_right = 1252.0
margin_bottom = 504.0
rect_pivot_offset = Vector2( 0, 0 )
rect_clip_content = false
mouse_filter = 1
mouse_default_cursor_shape = 0
size_flags_horizontal = 1
size_flags_vertical = 1
alignment = 1
__meta__ = {
"_edit_group_": true
}

[node name="JoinButton" type="TextureButton" parent="VBoxContainer/HBoxContainer2" index="0"]

anchor_left = 0.0
anchor_top = 0.0
anchor_right = 0.0
anchor_bottom = 0.0
margin_left = 124.0
margin_right = 624.0
margin_bottom = 200.0
rect_pivot_offset = Vector2( 0, 0 )
rect_clip_content = false
focus_mode = 2
mouse_filter = 0
mouse_default_cursor_shape = 0
size_flags_horizontal = 1
size_flags_vertical = 1
toggle_mode = false
enabled_focus_mode = 2
shortcut = null
group = null
texture_normal = ExtResource( 4 )
texture_pressed = ExtResource( 5 )
_sections_unfolded = [ "Textures" ]

[node name="CreateButton" type="TextureButton" parent="VBoxContainer/HBoxContainer2" index="1"]

anchor_left = 0.0
anchor_top = 0.0
anchor_right = 0.0
anchor_bottom = 0.0
margin_left = 628.0
margin_right = 1128.0
margin_bottom = 200.0
rect_pivot_offset = Vector2( 0, 0 )
rect_clip_content = false
focus_mode = 2
mouse_filter = 0
mouse_default_cursor_shape = 0
size_flags_horizontal = 1
size_flags_vertical = 1
toggle_mode = false
enabled_focus_mode = 2
shortcut = null
group = null
texture_normal = ExtResource( 6 )
texture_pressed = ExtResource( 7 )
_sections_unfolded = [ "Textures" ]

[connection signal="text_changed" from="VBoxContainer/HBoxContainer3/IPField" to="." method="_on_IPField_text_changed"]

[connection signal="pressed" from="VBoxContainer/HBoxContainer2/JoinButton" to="." method="_on_JoinButton_pressed"]

[connection signal="pressed" from="VBoxContainer/HBoxContainer2/CreateButton" to="." method="_on_CreateButton_pressed"]


